@book{book1,
    title = {Matemática Discreta e Suas Aplicações},
    edition = {6ª},
    author = {Rosen, Kenneth H.},
    publisher = {AMGH Editora Ltda.},
    year = {2009}
}

@phdthesis{paper1,
    title = {Modelagem matemática: ações e interações no processo de ensino-aprendizagem.},
    year = {1992},
    author = {BURAK, D.},
    journal = {Tese de Doutorado.},
    school = {Campinas, Unicamp.},
    pages = {62}
}

@misc{paper2,
    title = {Matemática Discreta Introdução},
    year = {2018},
    author = {LOUREIRO, A. A. F.},
    url = {https://homepages.dcc.ufmg.br/~loureiro/md/md_0Introducao.pdf}
    
}

@misc{site1,
    title = {Ciência da Computação}, 
    year = {2020},
    author = {PETCIn},
    url = {https://cin.ufpe.br/~pet/wiki/Ci%C3%AAncia_da_Computa%C3%A7%C3%A3o}
}

@misc{fig1, 
    url = {http://www.mat.uc.pt/~picado/ediscretas/2013/apontamentos/cap2.pdf},
    author = {Picado, J.},
    year = {2013},
    title = {Dodecaedro do viajante},
    pages = {70}
}